@INPROCEEDINGS{9504850,
  author={de Lima Mendes, Raphael and da Silva Alves, Alexandre Henrick and de Souza Gomes, Matheus and Luiz Lima Bertarini, Pedro and do Amaral, Laurence Rodrigues},
  booktitle={2021 IEEE Congress on Evolutionary Computation (CEC)}, 
  title={gaCNN: Composing CNNs and GAs to Build an Optimized Hybrid Classification Architecture}, 
  year={2021},
  volume={},
  number={},
  pages={79-86},
  doi={10.1109/CEC45853.2021.9504850}}
